@article{markoff2010google,
	title={Google cars drive themselves, in traffic},
	author={Markoff, John},
	journal={The New York Times},
	volume={10},
	number={A1},
	pages={9},
	year={2010}
}

@article{ahn2015computing,
	title={Computing on authenticated data},
	author={Ahn, Jae Hyun and Boneh, Dan and Camenisch, Jan and Hohenberger, Susan and Shelat, Abhi and Waters, Brent},
	journal={Journal of Cryptology},
	volume={28},
	number={2},
	pages={351--395},
	year={2015},
	publisher={Springer}
}

@article{grispos2013calm,
	title={Calm before the storm: the challenges of cloud},
	author={Grispos, George and Storer, Tim and Glisson, William Bradley},
	journal={Emerging digital forensics applications for crime detection, prevention, and security},
	volume={4},
	pages={28--48},
	year={2013},
	publisher={IGI Global}
}

@article{liao2013intrusion,
	title={Intrusion detection system: A comprehensive review},
	author={Liao, Hung-Jen and Lin, Chun-Hung Richard and Lin, Ying-Chih and Tung, Kuang-Yuan},
	journal={Journal of Network and Computer Applications},
	volume={36},
	number={1},
	pages={16--24},
	year={2013},
	publisher={Elsevier}
}

@book{krutz2010cloud,
	title={Cloud security: A comprehensive guide to secure cloud computing},
	author={Krutz, Ronald L and Vines, Russell Dean},
	year={2010},
	publisher={Wiley Publishing}
}

@inproceedings{moussalli2015fast,
	title={Fast and Flexible Conversion of Geohash Codes to and from Latitude/Longitude Coordinates},
	author={Moussalli, Roger and Srivatsa, Mudhakar and Asaad, Sameh},
	booktitle={Field-Programmable Custom Computing Machines (FCCM), 2015 IEEE 23rd Annual International Symposium on},
	pages={179--186},
	year={2015},
	organization={IEEE}
}

@misc{locationprivacy,
	author = {{EPIC}},
	title = {{Location privacy issues and suggestions}},
	howpublished = {\url{https://epic.org/privacy/location_privacy/}}
}


@inproceedings{patsakis2015private,
	title={Private Proximity Testing on Steroids: An NTRU-based Protocol},
	author={Patsakis, Constantinos and Kotzanikolaou, Panayiotis and Bouroche, M{\'e}lanie},
	booktitle={International Workshop on Security and Trust Management},
	pages={172--184},
	year={2015},
	organization={Springer}
}


@article{kotzanikolaou2016lightweight,
	title={Lightweight private proximity testing for geospatial social networks},
	author={Kotzanikolaou, Panayiotis and Patsakis, Constantinos and Magkos, Emmanouil and Korakakis, Michalis},
	journal={Computer Communications},
	volume={73},
	pages={263--270},
	year={2016},
	publisher={Elsevier}
}

@article{seidl2015spatial,
	title={Spatial obfuscation methods for privacy protection of household-level data},
	author={Seidl, Dara E and Paulus, Gernot and Jankowski, Piotr and Regenfelder, Melanie},
	journal={Applied Geography},
	volume={63},
	pages={253--263},
	year={2015},
	publisher={Elsevier}
}


@inproceedings{phan2015kur,
	title={KUR-Algorithm: From Position to Trajectory Privacy Protection in Location-Based Applications},
	author={Phan, Trong Nhan and K{\"u}ng, Josef and Dang, Tran Khanh},
	booktitle={International Conference on Database and Expert Systems Applications},
	pages={82--89},
	year={2015},
	organization={Springer}
}


@article{casino2015k,
	title={A k-anonymous approach to privacy preserving collaborative filtering},
	author={Casino, Fran and Domingo-Ferrer, Josep and Patsakis, Constantinos and Puig, Dom{\`e}nec and Solanas, Agusti},
	journal={Journal of Computer and System Sciences},
	volume={81},
	number={6},
	pages={1000--1011},
	year={2015},
	publisher={Elsevier}
}


@article{vasek2016hacking,
	title={Hacking is not random: a case-control study of webserver-compromise risk},
	author={Vasek, Marie and Wadleigh, John and Moore, Tyler},
	journal={IEEE Transactions on Dependable and Secure Computing},
	volume={13},
	number={2},
	pages={206--219},
	year={2016},
	publisher={IEEE}
}

@article{bierlaire2013probabilistic,
	title={A probabilistic map matching method for smartphone GPS data},
	author={Bierlaire, Michel and Chen, Jingmin and Newman, Jeffrey},
	journal={Transportation Research Part C: Emerging Technologies},
	volume={26},
	pages={78--98},
	year={2013},
	publisher={Elsevier}
}

@article{farrahi2010probabilistic,
	title={Probabilistic mining of socio-geographic routines from mobile phone data},
	author={Farrahi, Katayoun and Gatica-Perez, Daniel},
	journal={IEEE Journal of Selected Topics in Signal Processing},
	volume={4},
	number={4},
	pages={746--755},
	year={2010},
	publisher={IEEE}
}


@article{broder2004network,
	title={Network applications of bloom filters: A survey},
	author={Broder, Andrei and Mitzenmacher, Michael},
	journal={Internet mathematics},
	volume={1},
	number={4},
	pages={485--509},
	year={2004},
	publisher={Taylor \& Francis}
}
@inproceedings{fawaz2014location,
	title={Location privacy protection for smartphone users},
	author={Fawaz, Kassem and Shin, Kang G},
	booktitle={Proceedings of the 2014 ACM SIGSAC Conference on Computer and Communications Security},
	pages={239--250},
	year={2014},
	organization={ACM}
}
 @inproceedings{gibler2012androidleaks,
 	title={AndroidLeaks: automatically detecting potential privacy leaks in android applications on a large scale},
 	author={Gibler, Clint and Crussell, Jonathan and Erickson, Jeremy and Chen, Hao},
 	booktitle={International Conference on Trust and Trustworthy Computing},
 	pages={291--307},
 	year={2012},
 	organization={Springer}
 }
@article{san2016efficient,
	title={Efficient paillier cryptoprocessor for privacy-preserving data mining},
	author={San, Ismail and At, Nuray and Yakut, Ibrahim and Polat, Huseyin},
	journal={Security and Communication Networks},
	year={2016},
	publisher={Wiley Online Library}
}

@article{pokeman,
	title={Chasing Pok√©mon, a Baby Step Toward Virtual Reality},
	journal={The New York Times},
	year={2016}
}


@inproceedings{Gentry:2009:FHE:1536414.1536440,
 author = {Gentry, Craig},
 title = {Fully Homomorphic Encryption Using Ideal Lattices},
 booktitle = {Proceedings of the Forty-first Annual ACM Symposium on Theory of Computing},
 series = {STOC '09},
 year = {2009},
 isbn = {978-1-60558-506-2},
 location = {Bethesda, MD, USA},
 pages = {169--178},
 numpages = {10},
 url = {http://doi.acm.org/10.1145/1536414.1536440},
 doi = {10.1145/1536414.1536440},
 acmid = {1536440},
 publisher = {ACM},
 address = {New York, NY, USA},
 keywords = {fully homomorphic encryption},
}

@inproceedings{van2010fully,
  title={Fully homomorphic encryption over the integers},
  author={Van Dijk, Marten and Gentry, Craig and Halevi, Shai and Vaikuntanathan, Vinod},
  booktitle={Annual International Conference on the Theory and Applications of Cryptographic Techniques},
  pages={24--43},
  year={2010},
  organization={Springer}
}

@inproceedings{brakerski2011fully,
  title={Fully homomorphic encryption from ring-LWE and security for key dependent messages},
  author={Brakerski, Zvika and Vaikuntanathan, Vinod},
  booktitle={Annual Cryptology Conference},
  pages={505--524},
  year={2011},
  organization={Springer}
}

@article{brakerski2014efficient,
  title={Efficient fully homomorphic encryption from (standard) LWE},
  author={Brakerski, Zvika and Vaikuntanathan, Vinod},
  journal={SIAM Journal on Computing},
  volume={43},
  number={2},
  pages={831--871},
  year={2014},
  publisher={SIAM}
}

@inproceedings{brakerski2012leveled,
  title={(Leveled) fully homomorphic encryption without bootstrapping},
  author={Brakerski, Zvika and Gentry, Craig and Vaikuntanathan, Vinod},
  booktitle={Proceedings of the 3rd Innovations in Theoretical Computer Science Conference},
  pages={309--325},
  year={2012},
  organization={ACM}
}

@article{fan2012somewhat,
  title={Somewhat Practical Fully Homomorphic Encryption.},
  author={Fan, Junfeng and Vercauteren, Frederik},
  journal={IACR Cryptology ePrint Archive},
  volume={2012},
  pages={144},
  year={2012},
  publisher={Citeseer}
}

@inproceedings{lopez2012fly,
  title={On-the-fly multiparty computation on the cloud via multikey fully homomorphic encryption},
  author={L{\'o}pez-Alt, Adriana and Tromer, Eran and Vaikuntanathan, Vinod},
  booktitle={Proceedings of the forty-fourth annual ACM symposium on Theory of computing},
  pages={1219--1234},
  year={2012},
  organization={ACM}
}

@incollection{brakerski2012fully,
  title={Fully homomorphic encryption without modulus switching from classical GapSVP},
  author={Brakerski, Zvika},
  booktitle={Advances in Cryptology--CRYPTO 2012},
  pages={868--886},
  year={2012},
  publisher={Springer}
}

@inproceedings{bos2013improved,
  title={Improved security for a ring-based fully homomorphic encryption scheme},
  author={Bos, Joppe W and Lauter, Kristin and Loftus, Jake and Naehrig, Michael},
  booktitle={IMA International Conference on Cryptography and Coding},
  pages={45--64},
  year={2013},
  organization={Springer}
}

@incollection{gentry2013homomorphic,
  title={Homomorphic encryption from learning with errors: Conceptually-simpler, asymptotically-faster, attribute-based},
  author={Gentry, Craig and Sahai, Amit and Waters, Brent},
  booktitle={Advances in Cryptology--CRYPTO 2013},
  pages={75--92},
  year={2013},
  publisher={Springer}
}

@inproceedings{brakerski2014lattice,
  title={Lattice-based FHE as secure as PKE},
  author={Brakerski, Zvika and Vaikuntanathan, Vinod},
  booktitle={Proceedings of the 5th conference on Innovations in theoretical computer science},
  pages={1--12},
  year={2014},
  organization={ACM}
}

@inproceedings{lepoint2014comparison,
  title={A comparison of the homomorphic encryption schemes FV and YASHE},
  author={Lepoint, Tancrede and Naehrig, Michael},
  booktitle={International Conference on Cryptology in Africa},
  pages={318--335},
  year={2014},
  organization={Springer}
}
